=LDR  02153 am a2200505 a 4500
=001  013013495
=003  Uk
=005  20050519133809.0
=008  041026s2004\\\\dcua\\\\\b\\\\000\0\eng\\
=FMT  \\$a  BK
=010  \\$a2004303652
=015  \\$aGBA542939$2bnb
=020  \\$a0309092213 (pbk.) :$c{dollar}35.00
=020  \\$a0309532396 (PDF)
=035  \\$a(OCoLC)ocm56538053
=040  \\$aFXN$beng$cFXN$dDLC$dUk
=042  \\$aukblsr
=043  \\$an-us---
=050  00$aRA648$b.R47 2004
=050  00$aRA648$b.R483 2004
=082  04$a604.7$222
=245  00$aReview of the Army's technical guides on assessing and managing chemical hazards to deployed personnel /$cSubcommittee on the Toxicological Risks to Deployed Military Personnel, Committee on Toxicology, Board on Environmental Studies and Toxicology, Division on Earth and Life Studies, National Research Council of the National Academies.
=260  \\$aWashington, DC ;$a[Great Britain] :$bNational Academies Press,$cc2004.
=300  \\$axviii, 195 p. :$bill. ;$c23 cm.
=336  \\$atext$2rdacontent
=337  \\$aunmediated$2rdamedia
=338  \\$avolume$2rdacarrier
=504  \\$aIncludes bibliographical references (p. 173-174).
=500  \\$a"This project was supported by Contract No. DAMD 17-99-C-9049 between the National Academy of Sciences and the Department of Defense"-T.p. verso.
=530  \\$aAlso available online.
=650  \0$aChemical agents (Munitions)$xToxicology.
=650  \0$aSoldiers$xHealth risk assessment$zUnited States.
=710  2\$aNational Research Council (U.S.).$bSubcommittee on the Toxicological Risks to Deployed Military Personnel.
=856  42$uhttp://books.nap.edu/openbook/0309092213/html/index.html
=852  11$aBritish Library$bSTI$k(B)604.7
=852  41$aBritish Library$bDSC$jm04/.36502
=CAT  \\$aBATCH$b00$c20041013$lBLL01$h1003
=CAT  \\$c20041013$lBLL01$h1004
=CAT  \\$c20041013$lBLL01$h1005
=CAT  \\$a7732$b40$c20041121$lBLL01$h1136
=CAT  \\$a5375$b40$c20050517$lBLL01$h1631
=CAT  \\$a11014$b40$c20050519$lBLL01$h1338
=FIN  \\$aY
=SID  \\$aZ39$bLOC
=LAS  \\$a11014$b40$c20050519$lBLL01$h1338

