=LDR  05899cas a2201321 a 4500
=001  005542379
=003  Uk
=005  20221231143135.0
=007  ta
=008  040217d20032019gw\fx\p\\\\\\\0\\\a0eng\c
=FMT  \\$a  SE
=010  \\$a  2005252809
=019  c\$a3022509
=022  \\$a1612-2771
=035  \\$a(OCoLC)54432607
=040  \\$aUPM$beng$cUPM$dOCLCQ$dWAU$dOCLCQ$dOCLCO$dOCLCF$dOCLCO$dCUY$dDLC$dOCLCO$dDLC$dOCL$dOCLCO$dUk
=042  \\$aukblsr
=043  \\$ae-gx---
=050  00$aTS300$b.T48
=082  04$a669$222
=130  0\$aThyssenKrupp Techforum.$lEnglish.
=210  1\$aThyssenKrupp techforum$b(Engl. ed.)
=222  \0$aThyssenKrupp techforum$b(English ed.)
=245  10$aThyssenKrupp techforum.
=246  1\$iIssues for 2014, no. 2-<2018> have title:$aTechforum
=250  \\$aEnglish ed.
=260  \\$32003-<2008, issue 1>:$aDüsseldorf :$bThyssenKrupp, Corporate Technology,$c[2003]-
=260  2\$3<2011, issue 1->:$aEssen :$bThyssenKrupp, Corporate Center Technology, Innovation & Quality
=260  2\$3<2013, issue 1->:$aEssen :$bThyssenKrupp, Corporate Function Technology, Innovation & Sustainability
=260  2\$3-2014, issue 1:$aEssen :$bThyssenKrupp, Corporate Technology, Innovation & Sustainability
=260  3\$32014, issue 2-<2018>:$aEssen :$bThyssenKrupp, Corporate Function Communications
=300  \\$avolumes :$billustrations (chiefly color) ;$c30 cm
=310  \\$aOnce or twice a year
=336  \\$atext$2rdacontent
=337  \\$aunmediated$2rdamedia
=338  \\$avolume$2rdacarrier
=362  0\$aJuly 2003-
=362  1\$aCeased in 2019.
=500  \\$aTitle from cover.
=500  \\$aIssues for 2004-<2018> lack ed. statement.
=515  \\$aNumeric designation begins and chronological designation ceases with 2006, issue 1.
=515  \\$aNo issues published for 2010.
=588  \\$aLatest issue consulted: 2018/01.
=540  \\$aCurrent Copyright Fee: GBP25.00$c0$5Uk
=650  \0$aSteelwork$vPeriodicals.
=650  \0$aIndustrial equipment$vPeriodicals.
=610  20$aThyssen Krupp AG$vPeriodicals.
=610  27$aThyssen Krupp AG$2fast$0(OCoLC)fst00766369
=650  \7$aIndustrial equipment.$2fast$0(OCoLC)fst00971021
=650  \7$aSteelwork.$2fast$0(OCoLC)fst01132894
=655  \7$aPeriodicals.$2fast$0(OCoLC)fst01411641
=775  0\$tThyssenKrupp techforum (Deutsche Ausgabe)$x1612-2763
=780  00$tForum (Thyssen Krupp AG : English ed.)$x1438-9754
=710  2\$aThyssen Krupp AG.$bZentralbereich Technik.
=710  2\$aThyssen Krupp AG.$bZentralbereich Technology and Energy.
=710  2\$aThyssen Krupp AG.$bZentralbereich Technology.
=710  2\$aThyssen Krupp AG.$bCorporate Center Technology, Innovation & Quality.
=710  2\$aThyssen Krupp AG.$bCorporate Technology, Innovation & Sustainability.
=710  2\$aThyssen Krupp AG.$bCorporate Function Communications.
=775  08$iGerman edition:$tThyssenKrupp Techforum$x1612-2763
=776  08$iOnline version:$tThyssenKrupp Techforum. English. ThyssenKrupp techforum
=856  41$uhttps://www.thyssenkrupp.com/en/publications/
=852  41$aBritish Library$bDSC$j8820.392000$3July 2003 - 2008, issue 1
=852  71$aBritish Library$bSTI$cBIPC$kTrade Literature$3Issue 1 (2018)
=945  \\$aThyssenkrupp techforum
=959  \\$fHeld but not currently received
=985  \\$aCorrected by MS generated file for WR# 12.018
=A02  \\$a3022509
=CAT  \\$aCONV$b00$c20040502$lBLL01$h1103
=CAT  \\$a10997$b40$c20100407$lBLL01$h1630
=CAT  \\$a10997$b40$c20100407$lBLL01$h1631
=CAT  \\$aBATCH-UPD$b40$c20101124$lBLL01$h1715
=CAT  \\$aBATCH-UPD$b40$c20101125$lBLL01$h0938
=CAT  \\$a7792$b40$c20101208$lBLL01$h1533
=CAT  \\$aIPL-CLA$c20101231$lBLL01$h1135
=CAT  \\$a8874$b40$c20110318$lBLL01$h1431
=CAT  \\$aWR11_203$c20111204$lBLL01$h1240
=CAT  \\$aIPL-CLA$c20111230$lBLL01$h1639
=CAT  \\$aBLSS-CORR$b00$c20120724$lBLL01$h1754
=CAT  \\$aBATCH-CLA$b00$c20121103$lBLL01$h1036
=CAT  \\$aBATCH-CLA$c20131211$lBLL01$h1829
=CAT  \\$aIPL-CLA$c20131231$lBLL01$h1620
=CAT  \\$aBATCH-CLA$b00$c20161222$lBLL01$h1603
=CAT  \\$aIPL-CLA$c20161230$lBLL01$h1520
=CAT  \\$aBATCH-CLA$b00$c20171222$lBLL01$h1850
=CAT  \\$aIPL-CLA$c20171231$lBLL01$h1109
=CAT  \\$aBATCH-CLA$b00$c20191219$lBLL01$h1522
=CAT  \\$aIPL-CLA$c20191231$lBLL01$h1529
=CAT  \\$aR2001-1524$c20200127$lBLL01$h1908
=CAT  \\$aBATCH-CLA$b00$c20201204$lBLL01$h1309
=CAT  \\$aIPL-CLA$c20201231$lBLL01$h1517
=CAT  \\$a10806$b40$c20221117$lBLL01$h1159
=CAT  \\$aBATCH-CLA$b00$c20221221$lBLL01$h1605
=CAT  \\$aIPL-CLA$c20221231$lBLL01$h1431
=CFI  0\$aCurrent Copyright Fee: GBP25.00$c0$e01-jan-2023$fGBP25.00$g0$hA$5Uk
=CFI  2\$aPrevious Copyright Fee: GBP22.50$c0$e01-jan-2021$fGBP22.50$g0$hA$5Uk
=FIN  \\$aY
=LEO  \\$aMP10.0000576911
=SID  \\$aZ39$bOCLC
=SRC  \\$aDSS01$bbibmp10.200404.2.aa
=SRC  \\$aDSS03$bbibsr.200404.2.aa
=TCO  \\$aDEU$bVG WORT$c008
=TOC  \\$aETOC
=ACF  \\$aPrevious copyright fee: GBP9.00$c0$e01-apr-2010$fGBP9.00$g0$hA$5Uk
=ACF  \\$aPrevious copyright fee: GBP6.00$c0$e01-apr-2008$fGBP6.00$g0$hA$5Uk
=ACF  \\$aPrevious Copyright Fee: GBP5.00$c0$e27-feb-2007$fGBP5.00$g0$hA$5Uk
=ACF  \\$aPrevious copyright fee: GBP10.50$c0$e01-jan-2011$fGBP10.50$g0$hA$5Uk
=ACF  \\$aPrevious copyright fee: GBP12.00$c0$e01-jan-2012$fGBP12.00$g0$hA$5Uk
=ACF  \\$aPrevious Copyright Fee: GBP12.30$c0$e01-jan-2014$fGBP12.30$g0$hA$5Uk
=ACF  \\$aPrevious Copyright Fee: GBP15.00$c0$e01-jan-2017$fGBP15.00$g0$hA$5Uk
=ACF  \\$aPrevious Copyright Fee: GBP17.50$c0$e01-jan-2018$fGBP17.50$g0$hA$5Uk
=ACF  \\$aPrevious Copyright Fee: GBP20.00$c0$e01-jan-2020$fGBP20.00$g0$hA$5Uk
=LAS  \\$aIPL-CLA$b00$c20221231$lBLL01$h1431

